@inbook{doi:https://doi.org/10.1002/9781118033265,
publisher = {John Wiley & Sons, Ltd},
isbn = {9781118033265},
title = {Foundations of Coding},
doi = {https://doi.org/10.1002/9781118033265},
url = {https://onlinelibrary.wiley.com/doi/abs/10.1002/9781118033265},
eprint = {https://onlinelibrary.wiley.com/doi/pdf/10.1002/9781118033265},
year = {1991}
}